@article{boschetti2022matheuristics,
  title={Matheuristics: using mathematics for heuristic design},
  author={Boschetti, Marco Antonio and Maniezzo, Vittorio},
  journal={4OR},
  volume={20},
  number={2},
  pages={173--208},
  year={2022},
  publisher={Springer}
}

@article{fischetti2003local,
  title={Local branching},
  author={Fischetti, Matteo and Lodi, Andrea},
  journal={Mathematical programming},
  volume={98},
  pages={23--47},
  year={2003},
  publisher={Springer}
}

@article{applegate1998solution,
  title={On the solution of traveling salesman problems},
  author={Applegate, David and Bixby, Robert and Cook, William and Chv{\'a}tal, Vasek},
  year={1998},
  publisher={Rheinische Friedrich-Wilhelms-Universit{\"a}t Bonn}
}

@incollection{tuHu2022analyzing,
  title={Analyzing the performance of TSP solver methods},
  author={T{\"u}{\H{u}}-Szab{\'o}, Boldizs{\'a}r and F{\"o}ldesi, P{\'e}ter and K{\'o}czy, L{\'a}szl{\'o} T},
  booktitle={Computational Intelligence and Mathematics for Tackling Complex Problems 2},
  pages={65--71},
  year={2022},
  publisher={Springer}
}
